% This file contains bibliography entries
% Insert your bibliography entries below
%-------------------------------------------------------------------

